@electronic{wave,
author = {David Wang and Alex Mah and Soren Lassen},
title = {Google Wave Operational Transformation},
url = {http://www.waveprotocol.org/whitepapers/operational-transform},
month = {July},
year = {2010},
organization = {Google}
}

@article{ot,
author = {Matthias Ressel and Doris Nitsche-Ruhland and Rul
                  Gunzenh\"auser},
title = {An integrating, transformation-oriented approach to
                  concurrency control and undo in group editors},
year = 1996,
organization = {ACM},
journal = {Proceedings of the 1996 ACM conference on computer
                  supported cooperative work }
}

@article{postgres,
author = {Michael Stonebraker and Lawrence Rowe},
title = {The design of POSTGRES},
year = 1986,
organization = {ACM},
journal = {Proceedings of the 1986 ACM SIGMOD international conference
                  on management of data}
}